@inproceedings{Tang2011,
  title={The Pochoir Stencil Compiler},
  author={Tang, Yuan and Chowdhury, Rezaul Alam and Kuszmaul, Bradley C and Luk, Chi-Keung and Leiserson, Charles E},
  booktitle={Proceedings of the twenty-third annual ACM symposium on Parallelism in algorithms and architectures},
  pages={117--128},
  year={2011}
}

@inproceedings{Ahmad2021,
  title={Fast stencil computations using fast Fourier transforms},
  author={Ahmad, Zafar and Chowdhury, Rezaul and Das, Rathish and Ganapathi, Pramod and Gregory, Aaron and Zhu, Yimin},
  booktitle={Proceedings of the 33rd ACM Symposium on Parallelism in Algorithms and Architectures},
  pages={8--21},
  year={2021}
}

@inproceedings{Ahmad2022,
  title={Fourst: A code generator for FFT-based fast stencil computations},
  author={Ahmad, Zafar and Javanmard, Mohammad Mahdi and Croisdale, Gregory and Gregory, Aaron and Ganapathi, Pramod and Pouchet, Louis-No{\"e}l and Chowdhury, Rezaul},
  booktitle={2022 IEEE International Symposium on Performance Analysis of Systems and Software (ISPASS)},
  pages={99--108},
  year={2022},
  organization={IEEE}
}

@inproceedings{Ahmad2022Brief,
  title={Brief announcement: Faster stencil computations using gaussian approximations},
  author={Ahmad, Zafar and Chowdhury, Rezaul and Das, Rathish and Ganapathi, Pramod and Gregory, Aaron and Zhu, Yimin},
  booktitle={Proceedings of the 34th ACM Symposium on Parallelism in Algorithms and Architectures},
  pages={291--293},
  year={2022}
}

@article{Ahmad2023,
  title={A fast algorithm for aperiodic linear stencil computation using Fast Fourier Transforms},
  author={Ahmad, Zafar and Chowdhury, Rezaul and Das, Rathish and Ganapathi, Pramod and Gregory, Aaron and Zhu, Yimin},
  journal={ACM Transactions on Parallel Computing},
  volume={10},
  number={4},
  pages={1--34},
  year={2023},
  publisher={ACM New York, NY}
}

@inproceedings{Bondhugula2008,
  title={Automatic transformations for communication-minimized parallelization and locality optimization in the polyhedral model},
  author={Bondhugula, Uday and Baskaran, Muthu and Krishnamoorthy, Sriram and Ramanujam, Jagannathan and Rountev, Atanas and Sadayappan, Ponnuswamy},
  booktitle={Compiler Construction: 17th International Conference, CC 2008, Held as Part of the Joint European Conferences on Theory and Practice of Software, ETAPS 2008, Budapest, Hungary, March 29-April 6, 2008. Proceedings 17},
  pages={132--146},
  year={2008},
  organization={Springer}
}

@inproceedings{Bondhugula2008Pract,
  title={A practical automatic polyhedral parallelizer and locality optimizer},
  author={Bondhugula, Uday and Hartono, Albert and Ramanujam, Jagannathan and Sadayappan, Ponnuswamy},
  booktitle={Proceedings of the 29th ACM SIGPLAN Conference on Programming Language Design and Implementation},
  pages={101--113},
  year={2008}
}

@inproceedings{Moses2021,
  title={Polygeist: Raising C to polyhedral MLIR},
  author={Moses, William S and Chelini, Lorenzo and Zhao, Ruizhe and Zinenko, Oleksandr},
  booktitle={2021 30th International Conference on Parallel Architectures and Compilation Techniques (PACT)},
  pages={45--59},
  year={2021},
  organization={IEEE}
}

@article{Grosser2012,
  title={Polly—performing polyhedral optimizations on a low-level intermediate representation},
  author={Grosser, Tobias and Groesslinger, Armin and Lengauer, Christian},
  journal={Parallel Processing Letters},
  volume={22},
  number={04},
  pages={1250010},
  year={2012},
  publisher={World Scientific}
}

@article{Hu2019,
  title={Taichi: a language for high-performance computation on spatially sparse data structures},
  author={Hu, Yuanming and Li, Tzu-Mao and rson, Luke and Ragan-Kelley, Jonathan and Durand, Fr{\'e}do},
  journal={ACM Transactions on Graphics (TOG)},
  volume={38},
  number={6},
  pages={201},
  year={2019},
  publisher={ACM}
}

@article{Frigo2005,
  title={The design and implementation of FFTW3},
  author={Frigo, Matteo and Johnson, Steven G},
  journal={Proceedings of the IEEE},
  volume={93},
  number={2},
  pages={216--231},
  year={2005},
  publisher={IEEE}
}

@article{Gosper1984,
  title={Exploiting regularities in large cellular spaces},
  author={Gosper, R Wm},
  journal={Physica D: Nonlinear Phenomena},
  volume={10},
  number={1-2},
  pages={75--80},
  year={1984},
  publisher={Elsevier}
}

@inproceedings{Lattner2021,
  title={MLIR: Scaling compiler infrastructure for domain specific computation},
  author={Lattner, Chris and Amini, Mehdi and Bondhugula, Uday and Cohen, Albert and Davis, Andy and Pienaar, Jacques and Riddle, River and Shpeisman, Tatiana and Vasilache, Nicolas and Zinenko, Oleksandr},
  booktitle={2021 IEEE/ACM International Symposium on Code Generation and Optimization (CGO)},
  pages={2--14},
  year={2021},
  organization={IEEE}
}

@inproceedings{Maquignon2014,
  title={Numerical stabilisation of the lattice boltzmann method for higher reynolds number fluid},
  author={Maquignon, Nicolas and Duchateau, Julien and Roussel, Gilles and Rousselle, Francois and Renaud, Christophe},
  booktitle={Proceedings of the International Conference on Scientific Computing (CSC)},
  pages={1},
  year={2014},
  organization={The Steering Committee of The World Congress in Computer Science, Computer~…}
}

@inproceedings{Duchateau2015,
  title={Accelerating physical simulations from a multicomponent Lattice Boltzmann method on a single-node multi-GPU architecture},
  author={Duchateau, Julien and Rousselle, Fran{\c{c}}ois and Maquignon, Nicolas and Roussel, Gilles and Renaud, Christophe},
  booktitle={2015 10th International Conference on P2P, Parallel, Grid, Cloud and Internet Computing (3PGCIC)},
  pages={315--322},
  year={2015},
  organization={IEEE}
}

@inproceedings{Maquignon2022,
  title={A simplified and stable lattice Boltzmann shallow water model},
  author={Maquignon, Nicolas and Smaoui, Hassan and Sergent, Philippe and Bader, Bruno},
  booktitle={Journal of Physics: Conference Series},
  volume={2202},
  number={1},
  pages={012055},
  year={2022},
  organization={IOP Publishing}
}

@article{Ragan2013,
  title={Halide: a language and compiler for optimizing parallelism, locality, and recomputation in image processing pipelines},
  author={Ragan-Kelley, Jonathan and Barnes, Connelly and Adams, Andrew and Paris, Sylvain and Durand, Fr{\'e}do and Amarasinghe, Saman},
  journal={Acm Sigplan Notices},
  volume={48},
  number={6},
  pages={519--530},
  year={2013},
  publisher={ACM New York, NY, USA}
}

@article{Luporini2020,
  title={Architecture and performance of Devito, a system for automated stencil computation},
  author={Luporini, Fabio and Louboutin, Mathias and Lange, Michael and Kukreja, Navjot and Witte, Philipp and H{\"u}ckelheim, Jan and Yount, Charles and Kelly, Paul HJ and Herrmann, Felix J and Gorman, Gerard J},
  journal={ACM Transactions on Mathematical Software (TOMS)},
  volume={46},
  number={1},
  pages={1--28},
  year={2020},
  publisher={ACM New York, NY, USA}
}

@article{Barrata2023,
  title={DOLFINx: The next generation FEniCS problem solving environment},
  author={Barrata, Igor A and Dean, Joseph P and Dokken, J{\o}rgen S and Habera, Michal and HALE, Jack and Richardson, Chris and Rognes, Marie E and Scroggs, Matthew W and Sime, Nathan and Wells, Garth N},
  year={2023}
}

@misc{eigenweb,
  author = {Ga\"{e}l Guennebaud and Beno\^{i}t Jacob and others},
  title = {Eigen v3},
  howpublished = {http://eigen.tuxfamily.org},
  year = {2010}
 }

@article{Lyu2021,
  title={Fast and versatile fluid-solid coupling for turbulent flow simulation},
  author={Lyu, Chaoyang and Li, Wei and Desbrun, Mathieu and Liu, Xiaopei},
  journal={ACM Transactions on Graphics},
  volume={40},
  number={6},
  pages={201},
  year={2021}
}

@article{Cui2021,
  title={Spiral-spectral fluid simulation.},
  author={Cui, Qiaodong and Langlois, Timothy R and Sen, Pradeep and Kim, Theodore},
  journal={ACM Trans. Graph.},
  volume={40},
  number={6},
  pages={202--1},
  year={2021}
}

@inproceedings{Rowe2023,
  title={Sparse Stress Structures from Optimal Geometric Measures},
  author={Rowe, Dylan and Chern, Albert},
  booktitle={SIGGRAPH Asia 2023 Conference Papers},
  pages={1--9},
  year={2023}
}

@article{Li2024,
  title={Kinetic Simulation of Turbulent Multifluid Flows},
  author={Li, Wei and Wu, Kui and Desbrun, Mathieu},
  journal={ACM Transactions on Graphics (TOG)},
  volume={43},
  number={4},
  pages={1--17},
  year={2024},
  publisher={ACM New York, NY, USA}
}

@article{Liu2018,
  title={Narrow-band topology optimization on a sparsely populated grid},
  author={Liu, Haixiang and Hu, Yuanming and Zhu, Bo and Matusik, Wojciech and Sifakis, Eftychios},
  journal={ACM Transactions on Graphics (TOG)},
  volume={37},
  number={6},
  pages={1--14},
  year={2018},
  publisher={ACM New York, NY, USA}
}

@article{Wang2024,
  title={Physics-based fluid simulation in computer graphics: Survey, research trends, and challenges},
  author={Wang, Xiaokun and Xu, Yanrui and Liu, Sinuo and Ren, Bo and Kosinka, Ji{\v{r}}{\'\i} and Telea, Alexandru C and Wang, Jiamin and Song, Chongming and Chang, Jian and Li, Chenfeng and others},
  journal={Computational Visual Media},
  pages={1--56},
  year={2024},
  publisher={Springer}
}

@article{Museth2013,
  title={VDB: High-resolution sparse volumes with dynamic topology},
  author={Museth, Ken},
  journal={ACM transactions on graphics (TOG)},
  volume={32},
  number={3},
  pages={1--22},
  year={2013},
  publisher={ACM New York, NY, USA}
}

@article{Setaluri2014,
  title={SPGrid: A sparse paged grid structure applied to adaptive smoke simulation},
  author={Setaluri, Rajsekhar and Aanjaneya, Mridul and Bauer, Sean and Sifakis, Eftychios},
  journal={ACM Transactions on Graphics (TOG)},
  volume={33},
  number={6},
  pages={1--12},
  year={2014},
  publisher={ACM New York, NY, USA}
}

@article{Shan2006,
  title={Kinetic theory representation of hydrodynamics: a way beyond the Navier--Stokes equation},
  author={Shan, Xiaowen and Yuan, Xue-Feng and Chen, Hudong},
  journal={Journal of Fluid Mechanics},
  volume={550},
  pages={413--441},
  year={2006},
  publisher={Cambridge University Press}
}

@article{Li2020,
  title={Fast and scalable turbulent flow simulation with two-way coupling.},
  author={Li, Wei and Chen, Yixin and Desbrun, Mathieu and Zheng, Changxi and Liu, Xiaopei},
  journal={ACM Trans. Graph.},
  volume={39},
  number={4},
  pages={47},
  year={2020}
}

@article{Li2020Supplement,
  title={Fast and scalable turbulent flow simulation with two-way coupling: Supplementary Material},
  author={Li, Wei and Chen, Yixin and Desbrun, Mathieu and Zheng, Changxi and Liu, Xiaopei},
  journal={ACM Trans. Graph.},
  volume={39},
  number={4},
  pages={47},
  year={2020}
}

@article{Hu2019chainqueen,
  title={ChainQueen: A Real-Time Differentiable Physical Simulator for Soft Robotics},
  author={Hu, Yuanming and Liu, Jiancheng and Spielberg, Andrew and Tenenbaum, Joshua B and Freeman, William T and Wu, Jiajun and Rus, Daniela and Matusik, Wojciech},
  journal={Proceedings of IEEE International Conference on Robotics and Automation (ICRA)},
  year={2019}
}

@article{Spielberg2019,
  title={Learning-in-the-loop optimization: End-to-end control and co-design of soft robots through learned deep latent representations},
  author={Spielberg, Andrew and Zhao, Allan and Hu, Yuanming and Du, Tao and Matusik, Wojciech and Rus, Daniela},
  journal={Advances in Neural Information Processing Systems},
  volume={32},
  pages={8284--8294},
  year={2019}
}

@article{Hu2021,
  title={QuanTaichi: A Compiler for Quantized Simulations},
  author={Hu, Yuanming and Liu, Jiafeng and Yang, Xuanda and Xu, Mingkuan and Kuang, Ye and Xu, Weiwei and Dai, Qiang and Freeman, William T. and Durand, Frédo},
  journal={ACM Transactions on Graphics (TOG)},
  volume={40},
  number={4},
  year={2021},
  publisher={ACM}
}

@article{Aage2017,
  title={Giga-voxel computational morphogenesis for structural design},
  author={Aage, Niels and Andreassen, Erik and Lazarov, Boyan S and Sigmund, Ole},
  journal={Nature},
  volume={550},
  number={7674},
  pages={84--86},
  year={2017},
  publisher={Nature Publishing Group UK London}
}

@article{Stapp1999,
  title={Attention, intention, and will in quantum physics},
  author={Stapp, Henry P},
  journal={Journal of Consciousness studies},
  volume={6},
  number={8-9},
  pages={143--143},
  year={1999},
  publisher={Imprint Academic}
}

@article{De2019,
  title={Role of higher-order Hermite polynomials in the central-moments-based lattice Boltzmann framework},
  author={De Rosis, Alessandro and Luo, Kai H},
  journal={Physical Review E},
  volume={99},
  number={1},
  pages={013301},
  year={2019},
  publisher={APS}
}

@article{De2017,
  title={Nonorthogonal central-moments-based lattice Boltzmann scheme in three dimensions},
  author={De Rosis, Alessandro},
  journal={Physical Review E},
  volume={95},
  number={1},
  pages={013310},
  year={2017},
  publisher={APS}
}

@article{Geier2006,
  title={Cascaded digital lattice Boltzmann automata for high Reynolds number flow},
  author={Geier, Martin and Greiner, Andreas and Korvink, Jan G},
  journal={Physical Review E—Statistical, Nonlinear, and Soft Matter Physics},
  volume={73},
  number={6},
  pages={066705},
  year={2006},
  publisher={APS}
}

@article{Sreenivasan1999,
  title={Fluid turbulence},
  author={Sreenivasan, Katepalli R},
  journal={Reviews of Modern Physics},
  volume={71},
  number={2},
  pages={S383},
  year={1999},
  publisher={APS}
}
@book{Kruger2018,
  title={The lattice Boltzmann method},
  author={Kr{\"u}ger, Timm and Kusumaatmaja, Halim and Kuzmin, Alexandr and Shardt, Orest and Silva, Goncalo and Viggen, Erlend Magnus},
  year={2018},
  publisher={Springer},
  doi={https://doi.org/10.1007/978-3-319-44649-3},
  isbn={978-3-319-44649-3}
}

@article{Hofmann2022,
  title={Lagrangian sensors in a stirred tank reactor: Comparing trajectories from 4D-Particle Tracking Velocimetry and Lattice-Boltzmann simulations},
  author={Hofmann, Sebastian and Weiland, Christian and Fitschen, J{\"u}rgen and von Kameke, Alexandra and Hoffmann, Marko and Schl{\"u}ter, Michael},
  journal={Chemical engineering journal},
  volume={449},
  pages={137549},
  year={2022},
  publisher={Elsevier}
}

@article{Taber2018,
  title={A moment-vector approach to interoperable analysis},
  author={Taber, Andrew and Kumar, Goldy and Freytag, Michael and Shapiro, Vadim},
  journal={Computer-Aided Design},
  volume={102},
  pages={139--147},
  year={2018},
  publisher={Elsevier}
}

@article{Kumar2020,
  title={An integral representation of fields with applications to finite element analysis of spatially varying materials},
  author={Kumar, Goldy and Taber, Andrew},
  journal={Computer-Aided Design},
  volume={126},
  pages={102869},
  year={2020},
  publisher={Elsevier}
}

@article{Hu2020,
  author = {Hu, Yixin and Schneider, Teseo and Wang, Bolun and Zorin, Denis and Panozzo, Daniele},
  title = {Fast Tetrahedral Meshing in the Wild},
  year = {2020},
  issue_date = {July 2020},
  publisher = {Association for Computing Machinery},
  address = {New York, NY, USA},
  volume = {39},
  number = {4},
  issn = {0730-0301},
  url = {https://doi.org/10.1145/3386569.3392385},
  doi = {10.1145/3386569.3392385},
  journal = {ACM Trans. Graph.},
  month = jul,
  articleno = {117},
  numpages = {18},
  keywords = {mesh generation, robust geometry processing, tetrahedral meshing}
}

@misc{Chowdhury2023Lecture4,
  author = {Chowdhury, Rezaul},
  title = {CSE 548, Lecture 4, Divide-and-Conquer Algorithms, Polynomial Multiplication},
  year = 2023,
  publisher = {SUNY Stony Brook}
}

@book{Damelin2012,
  title={The mathematics of signal processing},
  author={Damelin, Steven B and Miller, Willard},
  number={48},
  year={2012},
  publisher={Cambridge University Press}
}

@article{Liu2023turbo,
  title={TurboStencil: You only compute once for stencil computation},
  author={Liu, Song and Wan, Xinhe and Zhang, Zengyuan and Zhao, Bo and Wu, Weiguo},
  journal={Future Generation Computer Systems},
  volume={146},
  pages={260--272},
  year={2023},
  publisher={Elsevier}
}

@article{Mei2006,
  title={Consistent initial conditions for lattice Boltzmann simulations},
  author={Mei, Renwei and Luo, Li-Shi and Lallemand, Pierre and d’Humi{\`e}res, Dominique},
  journal={Computers \& Fluids},
  volume={35},
  number={8-9},
  pages={855--862},
  year={2006},
  publisher={Elsevier}
}

@inproceedings{Chowdhury2021,
  title={Algorithm design for tensor units},
  author={Chowdhury, Rezaul and Silvestri, Francesco and Vella, Flavio},
  booktitle={European Conference on Parallel Processing},
  pages={353--367},
  year={2021},
  organization={Springer}
}

@article{Yu2005,
  title={DNS and LES of decaying isotropic turbulence with and without frame rotation using lattice Boltzmann method},
  author={Yu, Huidan and Girimaji, Sharath S and Luo, Li-Shi},
  journal={Journal of Computational Physics},
  volume={209},
  number={2},
  pages={599--616},
  year={2005},
  publisher={Elsevier}
}

@article{Yang2022,
  title={Taichi-LBM3D: a single-phase and multiphase lattice Boltzmann solver on cross-platform multicore CPU/GPUs},
  author={Yang, Jianhui and Xu, Yi and Yang, Liang},
  journal={Fluids},
  volume={7},
  number={8},
  pages={270},
  year={2022},
  publisher={MDPI}
}

@article{Suga2015,
  title={A D3Q27 multiple-relaxation-time lattice Boltzmann method for turbulent flows},
  author={Suga, Kazuhiko and Kuwata, Yoshiaki and Takashima, K and Chikasue, R},
  journal={Computers \& Mathematics with Applications},
  volume={69},
  number={6},
  pages={518--529},
  year={2015},
  publisher={Elsevier}
}

@article{Hennig2023,
  title={Advanced automatic code generation for multiple relaxation-time lattice Boltzmann methods},
  author={Hennig, Frederik and Holzer, Markus and R{\"u}de, Ulrich},
  journal={SIAM Journal on Scientific Computing},
  volume={45},
  number={4},
  pages={C233--C254},
  year={2023},
  publisher={SIAM}
}

@article{Li2018,
  title={Continuous-scale kinetic fluid simulation},
  author={Li, Wei and Bai, Kai and Liu, Xiaopei},
  journal={IEEE transactions on visualization and computer graphics},
  volume={25},
  number={9},
  pages={2694--2709},
  year={2018},
  publisher={IEEE}
}

@inproceedings{Kenyon2022,
  title={Apple silicon performance in scientific computing},
  author={Kenyon, Connor and Capano, Collin},
  booktitle={2022 IEEE High Performance Extreme Computing Conference (HPEC)},
  pages={1--10},
  year={2022},
  organization={IEEE}
}

@article{Lehmann2022,
  title={Accuracy and performance of the lattice Boltzmann method with 64-bit, 32-bit, and customized 16-bit number formats},
  author={Lehmann, Moritz and Krause, Mathias J and Amati, Giorgio and Sega, Marcello and Harting, Jens and Gekle, Stephan},
  journal={Physical Review E},
  volume={106},
  number={1},
  pages={015308},
  year={2022},
  publisher={APS}
}

@article{Suffa2024,
  title={Architecture Specific Generation of Large Scale Lattice Boltzmann Methods for Sparse Complex Geometries},
  author={Suffa, Philipp and Holzer, Markus and K{\"o}stler, Harald and R{\"u}de, Ulrich},
  journal={arXiv preprint arXiv:2408.06880},
  year={2024}
}

@inproceedings{Bauer2019,
  title={Code generation for massively parallel phase-field simulations},
  author={Bauer, Martin and H{\"o}tzer, Johannes and Ernst, Dominik and Hammer, Julian and Seiz, Marco and Hierl, Henrik and H{\"o}nig, Jan and K{\"o}stler, Harald and Wellein, Gerhard and Nestler, Britta and others},
  booktitle={Proceedings of the International Conference for High Performance Computing, Networking, Storage and Analysis},
  pages={1--32},
  year={2019}
}

@inproceedings{Hammer2017,
  title={Kerncraft: A tool for analytic performance modeling of loop kernels},
  author={Hammer, Julian and Eitzinger, Jan and Hager, Georg and Wellein, Gerhard},
  booktitle={Tools for High Performance Computing 2016: Proceedings of the 10th International Workshop on Parallel Tools for High Performance Computing, October 2016, Stuttgart, Germany},
  pages={1--22},
  year={2017},
  organization={Springer}
}

@article{Geier2015,
  title={The cumulant lattice Boltzmann equation in three dimensions: Theory and validation},
  author={Geier, Martin and Sch{\"o}nherr, Martin and Pasquali, Andrea and Krafczyk, Manfred},
  journal={Computers \& Mathematics with Applications},
  volume={70},
  number={4},
  pages={507--547},
  year={2015},
  publisher={Elsevier}
}

@article{Bauer2021,
  title={waLBerla: A block-structured high-performance framework for multiphysics simulations},
  author={Bauer, Martin and Eibl, Sebastian and Godenschwager, Christian and Kohl, Nils and Kuron, Michael and Rettinger, Christoph and Schornbaum, Florian and Schwarzmeier, Christoph and Th{\"o}nnes, Dominik and K{\"o}stler, Harald and others},
  journal={Computers \& Mathematics with Applications},
  volume={81},
  pages={478--501},
  year={2021},
  publisher={Elsevier}
}

@inproceedings{Athalye2022Verifying,
  title={Verifying hardware security modules with $\{$Information-Preserving$\}$ refinement},
  author={Athalye, Anish and Kaashoek, M Frans and Zeldovich, Nickolai},
  booktitle={16th USENIX Symposium on Operating Systems Design and Implementation (OSDI 22)},
  pages={503--519},
  year={2022}
}

@inproceedings{Torlak2013Growing,
  title={Growing solver-aided languages with rosette},
  author={Torlak, Emina and Bodik, Rastislav},
  booktitle={Proceedings of the 2013 ACM international symposium on New ideas, new paradigms, and reflections on programming \& software},
  pages={135--152},
  year={2013}
}

@inproceedings{De2008Z3,
  title={Z3: An efficient SMT solver},
  author={De Moura, Leonardo and Bj{\o}rner, Nikolaj},
  booktitle={International conference on Tools and Algorithms for the Construction and Analysis of Systems},
  pages={337--340},
  year={2008},
  organization={Springer}
}

@article{Yu2025Filter,
  title={A filter inspired by deep-sea glass sponges for oil cleanup under turbulent flow},
  author={Yu, Yuan and Ding, Chi and Zhang, Jinna and Ren, Nanqi and Tang, Chuyang Y and You, Shijie},
  journal={Nature Communications},
  volume={16},
  number={1},
  pages={209},
  year={2025},
  publisher={Nature Publishing Group UK London}
}

@article{Bauer2021lbmpy,
  title={lbmpy: Automatic code generation for efficient parallel lattice Boltzmann methods},
  author={Bauer, Martin and K{\"o}stler, Harald and R{\"u}de, Ulrich},
  journal={Journal of Computational Science},
  volume={49},
  pages={101269},
  year={2021},
  publisher={Elsevier}
}

@article{Torlak2014lightweight,
  title={A lightweight symbolic virtual machine for solver-aided host languages},
  author={Torlak, Emina and Bodik, Rastislav},
  journal={ACM SIGPLAN Notices},
  volume={49},
  number={6},
  pages={530--541},
  year={2014},
  publisher={ACM New York, NY, USA}
}

@inproceedings{Gaburro2021High,
  title={High-order Arbitrary-Lagrangian-Eulerian schemes on crazy moving Voronoi meshes},
  author={Gaburro, Elena and Chiocchetti, Simone},
  booktitle={Young Researchers Conference},
  pages={99--119},
  year={2021},
  organization={Springer}
}

@article{Gaburro2020High,
  title={High order direct Arbitrary-Lagrangian-Eulerian schemes on moving Voronoi meshes with topology changes},
  author={Gaburro, Elena and Boscheri, Walter and Chiocchetti, Simone and Klingenberg, Christian and Springel, Volker and Dumbser, Michael},
  journal={Journal of Computational Physics},
  volume={407},
  pages={109167},
  year={2020},
  publisher={Elsevier}
}

@article{Re2017Interpolation,
  title={An interpolation-free ALE scheme for unsteady inviscid flows computations with large boundary displacements over three-dimensional adaptive grids},
  author={Re, Barbara and Dobrzynski, Cecile and Guardone, Alberto},
  journal={Journal of Computational Physics},
  volume={340},
  pages={26--54},
  year={2017},
  publisher={Elsevier}
}

@article{Dumbser2016High,
  title={High order ADER schemes for a unified first order hyperbolic formulation of continuum mechanics: viscous heat-conducting fluids and elastic solids},
  author={Dumbser, Michael and Peshkov, Ilya and Romenski, Evgeniy and Zanotti, Olindo},
  journal={Journal of Computational Physics},
  volume={314},
  pages={824--862},
  year={2016},
  publisher={Elsevier}
}

@article{Dumbser2011Universal,
  title={On universal Osher-type schemes for general nonlinear hyperbolic conservation laws},
  author={Dumbser, Michael and Toro, Eleuterio F},
  journal={Communications in Computational Physics},
  volume={10},
  number={3},
  pages={635--671},
  year={2011},
  publisher={Cambridge University Press}
}

@article{Peshkov2016Hyperbolic,
  title={A hyperbolic model for viscous Newtonian flows},
  author={Peshkov, Ilya and Romenski, Evgeniy},
  journal={Continuum Mechanics and Thermodynamics},
  volume={28},
  pages={85--104},
  year={2016},
  publisher={Springer}
}

@article{Guermond2018Second,
  title={Second-order invariant domain preserving approximation of the Euler equations using convex limiting},
  author={Guermond, Jean-Luc and Nazarov, Murtazo and Popov, Bojan and Tomas, Ignacio},
  journal={SIAM Journal on Scientific Computing},
  volume={40},
  number={5},
  pages={A3211--A3239},
  year={2018},
  publisher={SIAM}
}

@article{Gaburro2021Well,
  title={A well balanced finite volume scheme for general relativity},
  author={Gaburro, Elena and Castro, Manuel J and Dumbser, Michael},
  journal={SIAM Journal on Scientific Computing},
  volume={43},
  number={6},
  pages={B1226--B1251},
  year={2021},
  publisher={SIAM}
}

@article{Dumbser2018Conformal,
  title={Conformal and covariant Z4 formulation of the Einstein equations: strongly hyperbolic first-order reduction and solution with discontinuous Galerkin schemes},
  author={Dumbser, Michael and Guercilena, Federico and K{\"o}ppel, Sven and Rezzolla, Luciano and Zanotti, Olindo},
  journal={Physical Review D},
  volume={97},
  number={8},
  pages={084053},
  year={2018},
  publisher={APS}
}

@article{Springel2010Pur,
  title={E pur si muove: Galilean-invariant cosmological hydrodynamical simulations on a moving mesh},
  author={Springel, Volker},
  journal={Monthly Notices of the Royal Astronomical Society},
  volume={401},
  number={2},
  pages={791--851},
  year={2010},
  publisher={Blackwell Publishing Ltd Oxford, UK}
}

@incollection{zhang2016eno,
  title={ENO and WENO schemes},
  author={Zhang, Y-T and Shu, C-W},
  booktitle={Handbook of numerical analysis},
  volume={17},
  pages={103--122},
  year={2016},
  publisher={Elsevier}
}

@article{pakmor2011mhd,
  title={Magnetohydrodynamics on an unstructured moving grid},
  author={Pakmor, Ruediger and Bauer, Andreas and Springel, Volker},
  journal={Monthly Notices of the Royal Astronomical Society},
  volume={418},
  number={2},
  pages={1392--1401},
  year={2011},
  publisher={Blackwell Publishing Ltd Oxford, UK}
}

@article{dumbser2008unified,
  title={A unified framework for the construction of one-step finite volume and discontinuous Galerkin schemes on unstructured meshes},
  author={Dumbser, Michael and Balsara, Dinshaw S and Toro, Eleuterio F and Munz, Claus-Dieter},
  journal={Journal of Computational Physics},
  volume={227},
  number={18},
  pages={8209--8253},
  year={2008},
  publisher={Elsevier}
}

@article{antoniadis2022ucns3d,
  title={UCNS3D: An open-source high-order finite-volume unstructured CFD solver},
  author={Antoniadis, Antonis F and Drikakis, Dimitris and Farmakis, Pericles S and Fu, Lin and Kokkinakis, Ioannis and Nogueira, Xes{\'u}s and Silva, Paulo ASF and Skote, Martin and Titarev, Vladimir and Tsoutsanis, Panagiotis},
  journal={Computer Physics Communications},
  volume={279},
  pages={108453},
  year={2022},
  publisher={Elsevier}
}

@article{springel2021simulating,
  title={Simulating cosmic structure formation with the gadget-4 code},
  author={Springel, Volker and Pakmor, R{\"u}diger and Zier, Oliver and Reinecke, Martin},
  journal={Monthly Notices of the Royal Astronomical Society},
  volume={506},
  number={2},
  pages={2871--2949},
  year={2021},
  publisher={Oxford University Press}
}

@article{lee1980two,
  title={Two algorithms for constructing a Delaunay triangulation},
  author={Lee, Der-Tsai and Schachter, Bruce J},
  journal={International Journal of Computer \& Information Sciences},
  volume={9},
  number={3},
  pages={219--242},
  year={1980},
  publisher={Springer}
}

@incollection{fortune2017voronoi,
  title={Voronoi diagrams and Delaunay triangulations},
  author={Fortune, Steven},
  booktitle={Handbook of discrete and computational geometry},
  pages={705--721},
  year={2017},
  publisher={Chapman and Hall/CRC}
}

@article{liu2005comparison,
  title={A comparison of five implementations of 3D Delaunay tessellation},
  author={Liu, Yuanxin and Snoeyink, Jack},
  journal={Combinatorial and Computational Geometry},
  volume={52},
  number={439-458},
  pages={56},
  year={2005},
  publisher={Cambridge University Press Cambridge}
}

@inproceedings{shewchuk1996robust,
  title={Robust adaptive floating-point geometric predicates},
  author={Shewchuk, Johnathan Richard},
  booktitle={Proceedings of the twelfth annual symposium on Computational geometry},
  pages={141--150},
  year={1996}
}

@inproceedings{fortune1993efficient,
  title={Efficient exact arithmetic for computational geometry},
  author={Fortune, Steven and Van Wyk, Christopher J},
  booktitle={Proceedings of the ninth annual symposium on Computational geometry},
  pages={163--172},
  year={1993}
}

@inproceedings{devillers2003efficient,
  title={Efficient Exact Geometric Predicates for Delauny Triangulations.},
  author={Devillers, Olivier and Pion, Sylvain},
  booktitle={ALENEX},
  pages={37--44},
  year={2003}
}

@article{richard1997adaptive,
  title={Adaptive precision floating-point arithmetic and fast robust geometric predicates},
  author={Richard Shewchuk, Jonathan},
  journal={Discrete \& Computational Geometry},
  volume={18},
  pages={305--363},
  year={1997},
  publisher={Springer}
}

@article{zettervall2021evaluation,
  title={Evaluation of chemical kinetic mechanisms for methane combustion: a review from a CFD perspective},
  author={Zettervall, Niklas and Fureby, Christer and Nilsson, Elna JK},
  journal={Fuels},
  volume={2},
  number={2},
  pages={210--240},
  year={2021},
  publisher={MDPI}
}

@inproceedings{fiorina2013modeling,
  title={Modeling combustion chemistry in large eddy simulation of turbulent flames},
  author={Fiorina, Benoit and Veynante, Denis and Candel, S{\'e}bastien},
  booktitle={Eighth International Symposium on Turbulence and Shear Flow Phenomena},
  year={2013},
  organization={Begel House Inc.}
}

@article{dumbser2024well,
  title={A well-balanced discontinuous Galerkin method for the first--order Z4 formulation of the Einstein--Euler system},
  author={Dumbser, Michael and Zanotti, Olindo and Gaburro, Elena and Peshkov, Ilya},
  journal={Journal of Computational Physics},
  volume={504},
  pages={112875},
  year={2024},
  publisher={Elsevier}
}

@article{gaburro2023high,
  title={High order entropy preserving ADER-DG schemes},
  author={Gaburro, Elena and {\"O}ffner, Philipp and Ricchiuto, Mario and Torlo, Davide},
  journal={Applied Mathematics and Computation},
  volume={440},
  pages={127644},
  year={2023},
  publisher={Elsevier}
}

@article{harten1983symmetric,
  title={On the symmetric form of systems of conservation laws with entropy},
  author={Harten, Amiram},
  journal={Journal of computational physics},
  volume={49},
  year={1983}
}

@article{ciallella2024very,
  title={Very high order treatment of embedded curved boundaries in compressible flows: ADER discontinuous Galerkin with a space-time Reconstruction for Off-site data},
  author={Ciallella, Mirco and Clain, Stephane and Gaburro, Elena and Ricchiuto, Mario},
  journal={Computers \& Mathematics with Applications},
  volume={175},
  pages={1--18},
  year={2024},
  publisher={Elsevier}
}

@article{boscheri2022continuous,
  title={Continuous finite element subgrid basis functions for discontinuous Galerkin schemes on unstructured polygonal Voronoi meshes},
  author={Boscheri, Walter and Dumbser, Michael and Gaburro, Elena},
  journal={arXiv preprint arXiv:2205.14673},
  year={2022}
}

@article{busto2020high,
  title={High order ADER schemes for continuum mechanics},
  author={Busto, Saray and Chiocchetti, Simone and Dumbser, Michael and Gaburro, Elena and Peshkov, Ilya},
  journal={Frontiers in Physics},
  volume={8},
  pages={32},
  year={2020},
  publisher={Frontiers Media SA}
}

@article{homolya2017exposing,
  title={Exposing and exploiting structure: optimal code generation for high-order finite element methods},
  author={Homolya, Mikl{\'o}s and Kirby, Robert C and Ham, David A},
  journal={arXiv preprint arXiv:1711.02473},
  year={2017}
}

@article{titarev2002ader,
  title={ADER: Arbitrary high order Godunov approach},
  author={Titarev, Vladimir A and Toro, Eleuterio F},
  journal={Journal of Scientific Computing},
  volume={17},
  pages={609--618},
  year={2002},
  publisher={Springer}
}

@misc{toro2007lec,
  Author = {Toro, Eleuterio F},
  Institution = {University of Trento, Italy},
  Howpublished = {Workship Lecture Series},
  url = {\url{http://www.jetset2007.ph.unito.it/materials.php}},
  Year = {2007},
  Title = {JETSET School and Workshop, Numerical MHD and Instabilities}
}
