@misc{web:literate_lbm,
  author = {Adrian Kummerl√§nder},
  title = {A literate Lattice Boltzmann Code},
  howpublished = {\url{http://literatelb.org}},
  year = {2020}
 }

@misc{web:lbm-rs,
author = {gnzlbg},
title = {Lattice-Boltzmann Method},
howpublished = {\url{https://github.com/gnzlbg/lbm-rs/tree/master}},
year = {2017}
}

@misc{web:lbm-web,
author = {Paul Pluscht},
title = {LBM},
howpublished = {\url{https://github.com/PPLUSCHT/LBM}},
year = {2023}
}
